@article{heuser2025generative,
  title={Generative formalism: On the formal stuckness of AI verse},
  author={Heuser, Ryan and others},
  journal={Journal of Computational Literary Studies},
  year={2025},
  note={In preparation}
}

@article{brown2020language,
  title={Language models are few-shot learners},
  author={Brown, Tom and Mann, Benjamin and Ryder, Nick and Subbiah, Melanie and Kaplan, Jared D and Dhariwal, Prafulla and Neelakantan, Arvind and Shyam, Pranav and Sastry, Girish and Askell, Amanda and others},
  journal={Advances in neural information processing systems},
  volume={33},
  pages={1877--1901},
  year={2020}
}

@article{carlini2021extracting,
  title={Extracting training data from large language models},
  author={Carlini, Nicholas and Tramer, Florian and Wallace, Eric and Jagielski, Matthew and Herbert-Voss, Ariel and Lee, Katherine and Roberts, Adam and Brown, Tom and Song, Dawn and Erlingsson, Ulfar and others},
  journal={30th USENIX Security Symposium (USENIX Security 21)},
  pages={2633--2650},
  year={2021}
}

@software{heuser2021prosodic,
  title={prosodic: a metrical-phonological parser, written in Python},
  author={Heuser, Ryan},
  url={https://github.com/quadrismegistus/prosodic},
  year={2021}
}

@book{moretti2013distant,
  title={Distant reading},
  author={Moretti, Franco},
  year={2013},
  publisher={Verso Books}
}

@article{underwood2019machine,
  title={Machine learning and human perspective},
  author={Underwood, Ted},
  journal={PMLA},
  volume={134},
  number={1},
  pages={92--109},
  year={2019},
  publisher={Cambridge University Press}
}
